\bibitem{hasochism}
  Lindley, Sam, and Conor McBride. "Hasochism: the pleasure and pain of dependently typed Haskell programming." ACM SIGPLAN Notices 48.12 (2014): 81-92.

\bibitem{singletons}
  Eisenberg, Richard A., and Stephanie Weirich. "Dependently typed programming with singletons." ACM SIGPLAN Notices 47.12 (2013): 117-130.
\bibitem{datakinds}
  Yorgey, Brent A., et al. "Giving Haskell a promotion." Proceedings of the 8th ACM SIGPLAN workshop on Types in language design and implementation. ACM, 2012.
  
 \bibitem{structure-aware-VC}
   Miraldo, Victor Cacciari, and Wouter Swierstra. "Structure-aware version control: A generic approach using Agda." (2017).

\bibitem{semantics-VC} 
   Swierstra, Wouter, and Andres Loh. "The semantics of version control." Proceedings of the 2014 ACM International Symposium on New Ideas, New Paradigms, and Reflections on Programming and Software. ACM, 2014.
  
\bibitem{vassena}
  Vassena, Marco. "Generic Diff3 for algebraic datatypes." Proceedings of the 1st International Workshop on Type-Driven Development. ACM, 2016.

\bibitem{type-directed-diff}
  Miraldo, Victor Cacciari, Pierre-Évariste Dagand, and Wouter Swierstra. "Type-directed diffing of structured data." Proceedings of the 2nd ACM SIGPLAN International Workshop on Type-Driven Development. ACM, 2017.
  
\bibitem{true-sop}
  de Vries, Edsko, and Andres Löh. "True sums of products." Proceedings of the 10th ACM SIGPLAN workshop on Generic programming. ACM, 2014.
  
\bibitem{clojure}
Hickey, Rich. "The clojure programming language." Proceedings of the 2008 symposium on Dynamic languages. ACM, 2008.

\bibitem{dependent-haskell} Eisenberg, Richard A. "Dependent types in Haskell: Theory and practice." arXiv preprint arXiv:1610.07978 (2016). APA	

\bibitem{zippers} Huet, Gérard. "The zipper." Journal of functional programming 7.5 (1997): 549-554.

\bibitem{treant} http://fperucic.github.io/treant-js/

\bibitem{semver} https://semver.org/